@inproceedings{bahat2016blind,
  title={Blind dehazing using internal patch recurrence},
  author={Bahat, Yuval and Irani, Michal},
  booktitle={Computational Photography (ICCP), 2016 IEEE International Conference on},
  pages={1--9},
  year={2016},
  organization={IEEE}
}
@article{he2011single,
  title={Single image haze removal using dark channel prior},
  author={He, Kaiming and Sun, Jian and Tang, Xiaoou},
  journal={IEEE transactions on pattern analysis and machine intelligence},
  volume={33},
  number={12},
  pages={2341--2353},
  year={2011},
  publisher={IEEE}
}
@article{bradski2000opencv,
  title={The OpenCV Library.},
  author={Bradski, Gary},
  journal={Dr. Dobb's Journal: Software Tools for the Professional Programmer},
  volume={25},
  number={11},
  pages={120--123},
  year={2000},
  publisher={Miller Freeman Inc.}
}